% -----------------------------------------------------------------------
% File: LVC.bib
% Author:  Christopher Dilley, Erik Schill, Inna Pirina
% -----------------------------------------------------------------------

@inproceedings{ellison2006measuring,
  title={Measuring language divergence by intra-lexical comparison},
  author={Kirby, Simon and Ellison, T Mark},
  booktitle={Proceedings of the 21st International Conference on Computational Linguistics and the 44th annual meeting of the Association for Computational Linguistics},
  pages={273--280},
  year={2006},
  organization={Association for Computational Linguistics}
}

@misc{web:phylip,
  title={{PHYLIP} ({P}hylogeny {I}nference {P}ackage) version 3.6},
  publisher={Distributed by the author.  {D}epartment of {G}enome {S}ciences, {U}niversity of {W}ashington, {S}eattle.},
  author={Felsenstein, J.},
  year={1989}
}

@misc{web:phylodendron,
  title={Phylodendron},
  author={Gilbert, Don},
  publisher={Department of {B}iology, {U}niversity of {I}ndiana},
  year={1999},
  url={http://iubio.bio.indiana.edu/treeapp}
}

@article{kullback1951information,
  title={On information and sufficiency},
  author={Kullback, Solomon and Leibler, Richard A},
  journal={The annals of mathematical statistics},
  volume={22},
  number={1},
  pages={79--86},
  year={1951},
  publisher={JSTOR}
}

@article{rao1949appendix,
  title={APPENDIX 3. ON THE DISTANCE BETWEEN TWO POPULATIONS},
  author={Rao, C Radhakrishna},
  journal={SANKHYA},
  year={1949},
  publisher={JSTOR}
}

 
  

% -----------------------------------------------------------------------
% Document End
% -----------------------------------------------------------------------
